@techreport{ref_20_xtend,
	author = "Eclipse",
	institution = "Eclipse",
	title = "{xtend Documentation}",
	year = "http://www.eclipse.org/xtend/documentation/"
}

@incollection{ref_19_giambiagi2003secure,
	title={On the secure implementation of security protocols},
	author={Giambiagi, Pablo and Dam, Mads},
	booktitle={Programming Languages and Systems},
	pages={144--158},
	year={2003},
	publisher={Springer}
}
@article{ref_18_chess2004static,
	title={Static analysis for security},
	author={Chess, Brian and McGraw, Gary},
	journal={IEEE Security \& Privacy},
	number={6},
	pages={76--79},
	year={2004},
	publisher={IEEE}
}

@techreport{ref_17_xtext:grammar,
	author = "Eclipse",
	institution = "Eclipse, iTemis",
	title = "{xText Documentation}",
	year = "http://www.eclipse.org/Xtext/documentation.html"
}

@article{ref_16_alhumaidan2012state,
	title={State based static and dynamic formal analysis of UML state diagrams},
	author={Alhumaidan, Fahad and others},
	journal={Journal of Software Engineering and Applications},
	volume={5},
	number={07},
	pages={483},
	year={2012},
	publisher={Scientific Research Publishing}
}

@misc{ref_15_yakindu:sct,
	author = "itemis AG",
	bdsk-url-1 = "https://code.google.com/a/eclipselabs.org/p/yakindu",
	journal = "Itemis",
	title = "{Yakindu SCT Open-Source-Tool }",
	url = {https://code.google.com/a/eclipselabs.org/p/yakindu},
	year = {https://code.google.com/a/eclipselabs.org/p/yakindu/}
}

@article{ref_14_denning1976lattice,
	title={A lattice model of secure information flow},
	author={Denning, Dorothy E},
	journal={Communications of the ACM},
	volume={19},
	number={5},
	pages={236--243},
	year={1976},
	publisher={ACM}
}
@inproceedings{ref_13_chong2004security,
	title={Security policies for downgrading},
	author={Chong, Stephen and Myers, Andrew C},
	booktitle={Proceedings of the 11th ACM conference on Computer and communications security},
	pages={198--209},
	year={2004},
	organization={ACM}
}
@article{ref_12_hicks2005declassification,
	title={Declassification with cryptographic functions in a security-typed language},
	author={Hicks, Boniface and King, David and McDaniel, Patrick},
	journal={Network and Security Center, Department of Computer Science, Pennsylvania State University, Tech. Rep. NAS-TR-0004-2005},
	year={2005}
}

@article{ref_11_myers2001jif,
	title={Jif: Java information flow},
	author={Myers, Andrew C and Zheng, Lantian and Zdancewic, Steve and Chong, Stephen and Nystrom, Nathaniel},
	journal={Software release. Located at http://www. cs. cornell. edu/jif},
	volume={2005},
	year={2001}
}

@inproceedings{ref_10_myers1999jflow,
	title={JFlow: Practical mostly-static information flow control},
	author={Myers, Andrew C},
	booktitle={Proceedings of the 26th ACM SIGPLAN-SIGACT symposium on Principles of programming languages},
	pages={228--241},
	year={1999},
	organization={ACM}
}

@book{ref_9_myers1997decentralized,
	title={A decentralized model for information flow control},
	author={Myers, Andrew C and Liskov, Barbara},
	volume={31},
	number={5},
	year={1997},
	publisher={ACM}
}

@inproceedings{ref_8_giacobazzi2005adjoining,
	title={Adjoining declassification and attack models by abstract interpretation},
	author={Giacobazzi, Roberto and Mastroeni, Isabella},
	booktitle={Programming Languages and Systems},
	pages={295--310},
	year={2005},
	publisher={Springer}
}

@inproceedings{ref_7_joshi2000semantic,
	title={A semantic approach to secure information flow},
	author={Joshi, Rajeev and Leino, K Rustan M},
	journal={Science of Computer Programming},
	volume={37},
	number={1},
	pages={113--138},
	year={2000},
	publisher={Elsevier}
}

@inproceedings{ref_6_cohen1978information,
	title={Information transmission in sequential programs},
	author={Cohen, Ellis S},
	journal={Foundations of Secure Computation},
	pages={297--335},
	year={1978}
}

@inproceedings{ref_5_cohen1977information,
	title={Information transmission in computational systems},
	author={Cohen, Ellis},
	booktitle={ACM SIGOPS Operating Systems Review},
	volume={11},
	number={5},
	pages={133--139},
	year={1977},
	organization={ACM}
}

@inproceedings{ref_4_myers2000protecting,
	title={Protecting privacy using the decentralized label model},
	author={Myers, Andrew C and Liskov, Barbara},
	journal={ACM Transactions on Software Engineering and Methodology (TOSEM)},
	volume={9},
	number={4},
	pages={410--442},
	year={2000},
	publisher={ACM}
}

@inproceedings{ref_3_sabelfeld2009declassification,
	title={Declassification: Dimensions and principles},
	author={Sabelfeld, Andrei and Sands, David},
	journal={Journal of Computer Security},
	volume={17},
	number={5},
	pages={517--548},
	year={2009},
	publisher={Citeseer}
}

@inproceedings{ref_2_hicks2006trusted,
	title={Trusted declassification:: high-level policy for a security-typed language},
	author={Hicks, Boniface and King, Dave and McDaniel, Patrick and Hicks, Michael},
	booktitle={Proceedings of the 2006 workshop on Programming languages and analysis for security},
	pages={65--74},
	year={2006},
	organization={ACM}
}

@inproceedings{ref_1_gehani2011f,
	title={On the (f) utility of untrusted data sanitization},
	author={Gehani, Ashish and Hanz, David and Rushby, John and Denker, Grit and DeLong, Rance},
	booktitle={MILITARY COMMUNICATIONS CONFERENCE, 2011-MILCOM 2011},
	pages={1261--1266},
	year={2011},
	organization={IEEE}
}









